@book{Farenden2012,
 author = {Farenden, Peter},
 title = {ITIL For Dummies},
 year = {2012},
 isbn = {1119950139, 9781119950134},
 publisher = {For Dummies}
}

@online{NYCOpenData,
author={NYC Open Data},
title = {Our mission: open data for all},
year = {2017},
URL = {https://opendata.cityofnewyork.us/overview/},
urldate = {2018-02-03}
}
